@inproceedings{dey_2012_conseqopt,
    author = {Debadeepta Dey and Tian Yu Liu and Martial Hebert and James Andrew Bagnell},
    title = {Contextual Sequence Prediction with Application to Control Library Optimization},
    booktitle = {RSS},
    year = {2012},
}

@INPROCEEDINGS{HoG,
    author = {Navneet Dalal and Bill Triggs},
    title = {Histograms of Oriented Gradients for Human Detection},
    booktitle = {In CVPR},
    year = {2005},
    pages = {886--893}
}

@INPROCEEDINGS{IntHist,
    author = {Fatih Porikli},
    title = {Integral histogram: A fast way to extract histograms in cartesian spaces},
    booktitle = {in Proc. IEEE Conf. on Computer Vision and Pattern Recognition},
    year = {2005},
    pages = {829--836}
}

@misc{vw,
    author = {Langford, John and Li, Lihong and Strehl, Alex},
    comment = {\url{http://hunch.net/\~{}vw}},
    keywords = {cj-bib},
    title = {Vowpal {W}abbit},
    year = {2007}
}
